
@article{dow_explicit_2003,
	title = {Explicit inverses of {Toeplitz} and associated matrices},
	volume = {44},
	doi = {doi.org/10.21914/anziamj.v44i0.493},
	number = {E},
	journal = {ANZIAM J.},
	author = {Dow, Murray},
	month = jan,
	year = {2003},
	keywords = {Analytical solution, explicit inverse, Fiedler matrix, linear algebra, Toeplitz matrix},
	pages = {E185--E215},
	file = {dow2003_toeplitz_matrices_inverses.pdf:/Users/fb3/Documents/Physique/articles/physics_others/dow2003_toeplitz_matrices_inverses.pdf:application/pdf},
}

@article{miller_inverse_1981,
	title = {On the {Inverse} of the {Sum} of {Matrices}},
	volume = {54},
	issn = {0025-570X, 1930-0980},
	url = {https://www.tandfonline.com/doi/full/10.1080/0025570X.1981.11976898},
	doi = {doi.org/10.1080/0025570X.1981.11976898},
	language = {en},
	number = {2},
	urldate = {2024-10-06},
	journal = {Mathematics Magazine},
	author = {Miller, Kenneth S.},
	month = mar,
	year = {1981},
	pages = {67--72},
}


@article{celani_odor_2014,
	title = {Odor {Landscapes} in {Turbulent} {Environments}},
	volume = {4},
	url = {https://link.aps.org/doi/10.1103/PhysRevX.4.041015},
	doi = {10.1103/PhysRevX.4.041015},
	number = {4},
	journal = {Physical Review X},
	author = {Celani, Antonio and Villermaux, Emmanuel and Vergassola, Massimo},
	month = oct,
	year = {2014},
	note = {Publisher: American Physical Society},
	keywords = {olfaction, non linear dynamics, turbulence, fluid dynamics, background, scaling},
	pages = {041015}
}
